<?xml version="1.0" encoding="UTF-8"?><collection xmlns="http://www.loc.gov/MARC21/slim"><record><leader>00342nam--2200133-i-4500</leader><controlfield tag="001">000043486</controlfield><controlfield tag="002">20161230</controlfield><controlfield tag="005">20161230201044</controlfield><controlfield tag="008">060222s1000------------r-----000-0-eng-d</controlfield><datafield ind1=" " ind2=" " tag="080"><subfield code="a">51(083.3)</subfield></datafield><datafield ind1=" " ind2=" " tag="245"><subfield code="a">Table of integrals, series and products</subfield></datafield><datafield ind1=" " ind2=" " tag="260"><subfield code="a">Orlando, Academic Press, 1980. Xl+1160 P</subfield></datafield><datafield ind1=" " ind2=" " tag="700"><subfield code="a">I.S.Gradshiteyn</subfield></datafield><datafield ind1=" " ind2=" " tag="852"><subfield code="a">74790</subfield></datafield></record></collection>